@article{devol,
	title={Unimate: The Story of George Devol and the First Robotic Arm},
	author={Rosen, Rebecca J.},
	year={2011},
	note= {www.theatlantic.com/technology/archive/2011/08/unimate-the-story-of-george-devol-and-the-first-robotic-arm/243716/}
}		
	
@article{grigorediscovering,
title={Discovering Action Primitive Granularity from Human Motion for Human-Robot Collaboration},
author={Grigore, Elena Corina and Scassellati, Brian},
year={2017},
}

@article{mcelrath,
	title={Xml legal document utility software design document},
	author={McElrath, R},
	year={2007},
}

@inproceedings{AljamaanLBGF14,
	author    = {Hamoud I. Aljamaan and
	Timothy C. Lethbridge and
	Omar Bahy Badreddin and
	Geoffrey Guest and
	Andrew Forward},
	title     = {Specifying Trace Directives for {UML} Attributes and State Machines},
	booktitle = {{MODELSWARD} 2014 - Proceedings of the 2nd International Conference
	on Model-Driven Engineering and Software Development, Lisbon, Portugal,
	7 - 9 January, 2014},
	pages     = {79--86},
	year      = {2014},
	crossref  = {DBLP:conf/modelsward/2014},
	url       = {https://doi.org/10.5220/0004711500790086},
	doi       = {10.5220/0004711500790086},
	timestamp = {Tue, 23 May 2017 01:10:46 +0200},
	biburl    = {http://dblp.org/rec/bib/conf/modelsward/AljamaanLBGF14},
	bibsource = {dblp computer science bibliography, http://dblp.org}
}

@book{freivalds2011biomechanics,
	title={Biomechanics of the upper limbs: mechanics, modeling and musculoskeletal injuries},
	author={Freivalds, Andris},
	year={2011},
	publisher={CRC press}
}